

@article{Ref1-Hunter1997,
  title={Mechanical and fracture behavior of bainitic rail steel},
  author={Aglan, HA and Liu, ZY and Hassan, MF and Fateh, M},
  journal={Journal of Materials Processing Technology},
  volume={151},
  number={1-3},
  pages={268--274},
  year={2004},
  publisher={Elsevier}
}